<?xml version="1.0" encoding="UTF-8"?><collection xmlns="http://www.loc.gov/MARC21/slim"><record><leader>00346nam--2200133-i-4500</leader><controlfield tag="001">000009998</controlfield><controlfield tag="002">20161230</controlfield><controlfield tag="005">20161230201028</controlfield><controlfield tag="008">060222s1000------------r-----000-0-eng-d</controlfield><datafield ind1=" " ind2=" " tag="080"><subfield code="a">535:621.375.826</subfield></datafield><datafield ind1=" " ind2=" " tag="245"><subfield code="a">Applications of holography</subfield></datafield><datafield ind1=" " ind2=" " tag="260"><subfield code="a">New York, Plenum Press, 1971 Viii + 396 P</subfield></datafield><datafield ind1=" " ind2=" " tag="700"><subfield code="a">Euval S. Barrekette /S.A.</subfield></datafield><datafield ind1=" " ind2=" " tag="852"><subfield code="a">36036</subfield></datafield></record></collection>